@book{book_key,
	address = {6 of october},
	publisher = {phi},
	author = {Fergany},
	title = {Suez Hospital},
	year = {2012},
	volume = {3},
	series = {2},
	edition = {1},
	pages = {200--250},
	month = {july}
}

@article{article_key,
	address = {City},
	publisher = {Publisher},
	author = {Smith, James},
	title = {Article title},
	year = {2013},
	volume = {14},
	number = {6},
	pages = {1--8},
	month = {March}
}
